<?xml version="1.0" encoding="UTF-8"?><collection xmlns="http://www.loc.gov/MARC21/slim"><record><leader>00464nam--2200169-i-4500</leader><controlfield tag="001">000046567</controlfield><controlfield tag="002">20161230</controlfield><controlfield tag="005">20161230201046</controlfield><controlfield tag="008">060222s1000------------r-----000-0-eng-d</controlfield><datafield ind1=" " ind2=" " tag="040"><subfield code="a">IFIN-HH</subfield></datafield><datafield ind1=" " ind2=" " tag="080"><subfield code="a">539.142.3</subfield></datafield><datafield ind1="1" ind2=" " tag="100"><subfield code="a">Verhaar, B.J</subfield></datafield><datafield ind1="1" ind2="0" tag="245"><subfield code="a">Collective motions in the nuclear shell model</subfield><subfield code="b">Dissertation</subfield><subfield code="c">B.j. verhaar</subfield></datafield><datafield ind1=" " ind2=" " tag="260"><subfield code="a">Groningen</subfield><subfield code="b">N.V.Dijkstra`S Drukkerij</subfield><subfield code="c">1962</subfield></datafield><datafield ind1=" " ind2=" " tag="300"><subfield code="a">63P</subfield></datafield><datafield ind1=" " ind2=" " tag="852"><subfield code="a">19101</subfield><subfield code="c">539.14</subfield></datafield><datafield ind1=" " ind2=" " tag="CAT"><subfield code="a">Sys</subfield><subfield code="c">20120323</subfield><subfield code="h">100343</subfield></datafield></record></collection>